[gd_scene load_steps=7 format=2]

[ext_resource path="res://UI/menu/Credits.gd" type="Script" id=1]
[ext_resource path="res://Art/flamingmoka.png" type="Texture" id=2]
[ext_resource path="res://Font/secondaryfont.tres" type="DynamicFont" id=3]
[ext_resource path="res://Font/secondaryfont_small.tres" type="DynamicFont" id=4]
[ext_resource path="res://Art/UI/back_deselected.png" type="Texture" id=5]
[ext_resource path="res://Art/UI/back.png" type="Texture" id=6]

[node name="Credits" type="Control" index="0"]

anchor_left = 0.0
anchor_top = 0.0
anchor_right = 1.0
anchor_bottom = 1.0
rect_pivot_offset = Vector2( 0, 0 )
rect_clip_content = false
mouse_filter = 0
mouse_default_cursor_shape = 0
size_flags_horizontal = 1
size_flags_vertical = 1
script = ExtResource( 1 )

[node name="MarginContainer" type="MarginContainer" parent="." index="0"]

anchor_left = 0.0
anchor_top = 0.0
anchor_right = 1.0
anchor_bottom = 1.0
rect_pivot_offset = Vector2( 0, 0 )
rect_clip_content = false
mouse_filter = 0
mouse_default_cursor_shape = 0
size_flags_horizontal = 0
size_flags_vertical = 1
custom_constants/margin_right = 100
custom_constants/margin_top = 50
custom_constants/margin_left = 200
custom_constants/margin_bottom = 50
_sections_unfolded = [ "Size Flags", "custom_constants" ]

[node name="HBoxContainer" type="HBoxContainer" parent="MarginContainer" index="0"]

anchor_left = 0.0
anchor_top = 0.0
anchor_right = 0.0
anchor_bottom = 0.0
margin_left = 200.0
margin_top = 50.0
margin_right = 1820.0
margin_bottom = 1050.0
rect_pivot_offset = Vector2( 0, 0 )
rect_clip_content = false
mouse_filter = 1
mouse_default_cursor_shape = 0
size_flags_horizontal = 1
size_flags_vertical = 1
custom_constants/separation = 20
alignment = 0
_sections_unfolded = [ "Size Flags", "custom_constants" ]

[node name="TextureRect" type="TextureRect" parent="MarginContainer/HBoxContainer" index="0"]

anchor_left = 0.0
anchor_top = 0.0
anchor_right = 0.0
anchor_bottom = 0.0
margin_right = 600.0
margin_bottom = 1000.0
rect_pivot_offset = Vector2( 0, 0 )
rect_clip_content = false
mouse_filter = 1
mouse_default_cursor_shape = 0
size_flags_horizontal = 8
size_flags_vertical = 1
texture = ExtResource( 2 )
stretch_mode = 0
_sections_unfolded = [ "Size Flags", "Theme" ]

[node name="MarginContainer" type="MarginContainer" parent="MarginContainer/HBoxContainer" index="1"]

anchor_left = 0.0
anchor_top = 0.0
anchor_right = 0.0
anchor_bottom = 0.0
margin_left = 620.0
margin_right = 1574.0
margin_bottom = 1000.0
rect_pivot_offset = Vector2( 0, 0 )
rect_clip_content = false
mouse_filter = 0
mouse_default_cursor_shape = 0
size_flags_horizontal = 1
size_flags_vertical = 1
custom_constants/margin_top = 80
custom_constants/margin_left = 180
_sections_unfolded = [ "custom_constants" ]

[node name="VBoxContainer" type="VBoxContainer" parent="MarginContainer/HBoxContainer/MarginContainer" index="0"]

anchor_left = 0.0
anchor_top = 0.0
anchor_right = 0.0
anchor_bottom = 0.0
margin_left = 180.0
margin_top = 80.0
margin_right = 954.0
margin_bottom = 1000.0
rect_pivot_offset = Vector2( 0, 0 )
rect_clip_content = false
mouse_filter = 1
mouse_default_cursor_shape = 0
size_flags_horizontal = 1
size_flags_vertical = 1
custom_constants/separation = 50
alignment = 0
_sections_unfolded = [ "custom_constants" ]

[node name="HBoxContainer" type="VBoxContainer" parent="MarginContainer/HBoxContainer/MarginContainer/VBoxContainer" index="0"]

editor/display_folded = true
anchor_left = 0.0
anchor_top = 0.0
anchor_right = 0.0
anchor_bottom = 0.0
margin_right = 774.0
margin_bottom = 140.0
rect_pivot_offset = Vector2( 0, 0 )
rect_clip_content = false
mouse_filter = 1
mouse_default_cursor_shape = 0
size_flags_horizontal = 1
size_flags_vertical = 1
alignment = 0

[node name="Label2" type="Label" parent="MarginContainer/HBoxContainer/MarginContainer/VBoxContainer/HBoxContainer" index="0"]

anchor_left = 0.0
anchor_top = 0.0
anchor_right = 0.0
anchor_bottom = 0.0
margin_right = 774.0
margin_bottom = 79.0
rect_pivot_offset = Vector2( 0, 0 )
rect_clip_content = false
mouse_filter = 2
mouse_default_cursor_shape = 0
size_flags_horizontal = 1
size_flags_vertical = 4
custom_fonts/font = ExtResource( 3 )
text = "Davide Cortellucci"
percent_visible = 1.0
lines_skipped = 0
max_lines_visible = -1
_sections_unfolded = [ "custom_fonts" ]

[node name="Label3" type="Label" parent="MarginContainer/HBoxContainer/MarginContainer/VBoxContainer/HBoxContainer" index="1"]

anchor_left = 0.0
anchor_top = 0.0
anchor_right = 0.0
anchor_bottom = 0.0
margin_top = 83.0
margin_right = 774.0
margin_bottom = 140.0
rect_pivot_offset = Vector2( 0, 0 )
rect_clip_content = false
mouse_filter = 2
mouse_default_cursor_shape = 0
size_flags_horizontal = 1
size_flags_vertical = 4
custom_fonts/font = ExtResource( 4 )
text = "programming"
percent_visible = 1.0
lines_skipped = 0
max_lines_visible = -1
_sections_unfolded = [ "Theme", "custom_fonts" ]

[node name="HBoxContainer2" type="VBoxContainer" parent="MarginContainer/HBoxContainer/MarginContainer/VBoxContainer" index="1"]

editor/display_folded = true
anchor_left = 0.0
anchor_top = 0.0
anchor_right = 0.0
anchor_bottom = 0.0
margin_top = 190.0
margin_right = 774.0
margin_bottom = 330.0
rect_pivot_offset = Vector2( 0, 0 )
rect_clip_content = false
mouse_filter = 1
mouse_default_cursor_shape = 0
size_flags_horizontal = 1
size_flags_vertical = 1
alignment = 0

[node name="Label2" type="Label" parent="MarginContainer/HBoxContainer/MarginContainer/VBoxContainer/HBoxContainer2" index="0"]

anchor_left = 0.0
anchor_top = 0.0
anchor_right = 0.0
anchor_bottom = 0.0
margin_right = 774.0
margin_bottom = 79.0
rect_pivot_offset = Vector2( 0, 0 )
rect_clip_content = false
mouse_filter = 2
mouse_default_cursor_shape = 0
size_flags_horizontal = 1
size_flags_vertical = 4
custom_fonts/font = ExtResource( 3 )
text = "Léonie Aonzo"
percent_visible = 1.0
lines_skipped = 0
max_lines_visible = -1
_sections_unfolded = [ "custom_fonts" ]

[node name="Label3" type="Label" parent="MarginContainer/HBoxContainer/MarginContainer/VBoxContainer/HBoxContainer2" index="1"]

anchor_left = 0.0
anchor_top = 0.0
anchor_right = 0.0
anchor_bottom = 0.0
margin_top = 83.0
margin_right = 774.0
margin_bottom = 140.0
rect_pivot_offset = Vector2( 0, 0 )
rect_clip_content = false
mouse_filter = 2
mouse_default_cursor_shape = 0
size_flags_horizontal = 1
size_flags_vertical = 4
custom_fonts/font = ExtResource( 4 )
text = "Art and sound"
percent_visible = 1.0
lines_skipped = 0
max_lines_visible = -1
_sections_unfolded = [ "Theme", "custom_fonts" ]

[node name="HBoxContainer3" type="VBoxContainer" parent="MarginContainer/HBoxContainer/MarginContainer/VBoxContainer" index="2"]

editor/display_folded = true
anchor_left = 0.0
anchor_top = 0.0
anchor_right = 0.0
anchor_bottom = 0.0
margin_top = 380.0
margin_right = 774.0
margin_bottom = 694.0
rect_pivot_offset = Vector2( 0, 0 )
rect_clip_content = false
mouse_filter = 1
mouse_default_cursor_shape = 0
size_flags_horizontal = 1
size_flags_vertical = 1
custom_constants/separation = 20
alignment = 0
_sections_unfolded = [ "custom_constants" ]

[node name="Label3" type="Label" parent="MarginContainer/HBoxContainer/MarginContainer/VBoxContainer/HBoxContainer3" index="0"]

anchor_left = 0.0
anchor_top = 0.0
anchor_right = 0.0
anchor_bottom = 0.0
margin_right = 774.0
margin_bottom = 57.0
rect_pivot_offset = Vector2( 0, 0 )
rect_clip_content = false
mouse_filter = 2
mouse_default_cursor_shape = 0
size_flags_horizontal = 1
size_flags_vertical = 4
custom_fonts/font = ExtResource( 4 )
text = "additional music"
percent_visible = 1.0
lines_skipped = 0
max_lines_visible = -1
_sections_unfolded = [ "Theme", "custom_fonts" ]

[node name="Label4" type="Label" parent="MarginContainer/HBoxContainer/MarginContainer/VBoxContainer/HBoxContainer3" index="1"]

anchor_left = 0.0
anchor_top = 0.0
anchor_right = 0.0
anchor_bottom = 0.0
margin_top = 77.0
margin_right = 774.0
margin_bottom = 314.0
rect_pivot_offset = Vector2( 0, 0 )
rect_clip_content = false
mouse_filter = 2
mouse_default_cursor_shape = 0
size_flags_horizontal = 1
size_flags_vertical = 4
custom_fonts/font = ExtResource( 4 )
text = "'eastern strings' by 4barrelcarb
'koto theme', 'loto loop'
by zagi2
"
percent_visible = 1.0
lines_skipped = 0
max_lines_visible = -1
_sections_unfolded = [ "Theme", "custom_fonts" ]

[node name="HBoxContainer4" type="VBoxContainer" parent="MarginContainer/HBoxContainer/MarginContainer/VBoxContainer" index="3"]

editor/display_folded = true
anchor_left = 0.0
anchor_top = 0.0
anchor_right = 0.0
anchor_bottom = 0.0
margin_top = 744.0
margin_right = 774.0
margin_bottom = 801.0
rect_pivot_offset = Vector2( 0, 0 )
rect_clip_content = false
mouse_filter = 1
mouse_default_cursor_shape = 0
size_flags_horizontal = 1
size_flags_vertical = 1
custom_constants/separation = 20
alignment = 0
_sections_unfolded = [ "custom_constants" ]

[node name="Label4" type="Label" parent="MarginContainer/HBoxContainer/MarginContainer/VBoxContainer/HBoxContainer4" index="0"]

anchor_left = 0.0
anchor_top = 0.0
anchor_right = 0.0
anchor_bottom = 0.0
margin_right = 774.0
margin_bottom = 57.0
rect_pivot_offset = Vector2( 0, 0 )
rect_clip_content = false
mouse_filter = 2
mouse_default_cursor_shape = 0
size_flags_horizontal = 1
size_flags_vertical = 4
custom_fonts/font = ExtResource( 4 )
text = "developed with godot engine"
percent_visible = 1.0
lines_skipped = 0
max_lines_visible = -1
_sections_unfolded = [ "Theme", "custom_fonts" ]

[node name="Back" type="TextureButton" parent="." index="1"]

anchor_left = 0.0
anchor_top = 0.0
anchor_right = 0.0
anchor_bottom = 0.0
margin_left = 24.0
margin_top = 39.0
margin_right = 119.0
margin_bottom = 115.0
rect_rotation = 90.0
rect_pivot_offset = Vector2( 47, 38 )
rect_clip_content = false
focus_mode = 2
mouse_filter = 0
mouse_default_cursor_shape = 0
size_flags_horizontal = 1
size_flags_vertical = 1
toggle_mode = false
enabled_focus_mode = 2
shortcut = null
group = null
texture_normal = ExtResource( 5 )
texture_hover = ExtResource( 6 )
_sections_unfolded = [ "Rect", "Textures" ]

[connection signal="pressed" from="Back" to="." method="_on_Back_pressed"]


