[gd_scene load_steps=11 format=2]

[ext_resource path="res://UI/GameOver.gd" type="Script" id=1]
[ext_resource path="res://Font/lightmorning.ttf" type="DynamicFontData" id=2]
[ext_resource path="res://Font/secondaryfont.tres" type="DynamicFont" id=3]
[ext_resource path="res://Art/UI/button8_deselected.png" type="Texture" id=4]
[ext_resource path="res://Art/UI/button8.png" type="Texture" id=5]
[ext_resource path="res://animations/button_clicked.tres" type="Animation" id=6]
[ext_resource path="res://Art/UI/button9_deselected.png" type="Texture" id=7]
[ext_resource path="res://Art/UI/button9.png" type="Texture" id=8]

[sub_resource type="DynamicFont" id=1]

size = 200
use_mipmaps = false
use_filter = false
font_data = ExtResource( 2 )
_sections_unfolded = [ "Font", "Settings" ]

[sub_resource type="Animation" id=2]

resource_name = "button_clicked"
length = 1.0
loop = false
step = 0.1
tracks/0/type = "value"
tracks/0/path = NodePath(".:rect_rotation")
tracks/0/interp = 1
tracks/0/loop_wrap = true
tracks/0/imported = false
tracks/0/enabled = true
tracks/0/keys = {
"times": PoolRealArray( 0, 0.6, 0.8, 1 ),
"transitions": PoolRealArray( 1, 1, 1, 1 ),
"update": 0,
"values": [ -5.19171, 7.87284, -4.95545, 0.0 ]
}

[node name="GameOver" type="MarginContainer"]

anchor_left = 0.0
anchor_top = 0.0
anchor_right = 1.0
anchor_bottom = 1.0
margin_bottom = 217.0
rect_pivot_offset = Vector2( 0, 0 )
rect_clip_content = false
mouse_filter = 0
mouse_default_cursor_shape = 0
size_flags_horizontal = 1
size_flags_vertical = 1
custom_constants/margin_right = 100
custom_constants/margin_top = 100
custom_constants/margin_left = 100
custom_constants/margin_bottom = 100
script = ExtResource( 1 )
_sections_unfolded = [ "Pause", "Visibility", "custom_constants" ]

[node name="Rows" type="VBoxContainer" parent="." index="0"]

anchor_left = 0.0
anchor_top = 0.0
anchor_right = 0.0
anchor_bottom = 0.0
margin_left = 100.0
margin_top = 100.0
margin_right = 1565.0
margin_bottom = 975.0
rect_pivot_offset = Vector2( 0, 0 )
rect_clip_content = false
mouse_filter = 1
mouse_default_cursor_shape = 0
size_flags_horizontal = 1
size_flags_vertical = 1
custom_constants/separation = 100
alignment = 0
_sections_unfolded = [ "custom_constants" ]

[node name="Top" type="Label" parent="Rows" index="0"]

anchor_left = 0.0
anchor_top = 0.0
anchor_right = 0.0
anchor_bottom = 0.0
margin_right = 1465.0
margin_bottom = 201.0
rect_pivot_offset = Vector2( 0, 0 )
rect_clip_content = false
mouse_filter = 2
mouse_default_cursor_shape = 0
size_flags_horizontal = 1
size_flags_vertical = 4
custom_fonts/font = SubResource( 1 )
text = "game over!"
align = 1
valign = 1
percent_visible = 1.0
lines_skipped = 0
max_lines_visible = -1
_sections_unfolded = [ "custom_colors", "custom_fonts" ]

[node name="Middle" type="VBoxContainer" parent="Rows" index="1"]

anchor_left = 0.0
anchor_top = 0.0
anchor_right = 0.0
anchor_bottom = 0.0
margin_top = 301.0
margin_right = 1465.0
margin_bottom = 463.0
rect_pivot_offset = Vector2( 0, 0 )
rect_clip_content = false
mouse_filter = 1
mouse_default_cursor_shape = 0
size_flags_horizontal = 1
size_flags_vertical = 1
alignment = 0
_sections_unfolded = [ "custom_constants" ]

[node name="Time" type="Label" parent="Rows/Middle" index="0"]

anchor_left = 0.0
anchor_top = 0.0
anchor_right = 0.0
anchor_bottom = 0.0
margin_left = 670.0
margin_right = 795.0
margin_bottom = 79.0
rect_pivot_offset = Vector2( 0, 0 )
rect_clip_content = false
mouse_filter = 2
mouse_default_cursor_shape = 0
size_flags_horizontal = 6
size_flags_vertical = 4
custom_fonts/font = ExtResource( 3 )
text = "time"
percent_visible = 1.0
lines_skipped = 0
max_lines_visible = -1
_sections_unfolded = [ "custom_fonts" ]

[node name="Points" type="Label" parent="Rows/Middle" index="1"]

anchor_left = 0.0
anchor_top = 0.0
anchor_right = 0.0
anchor_bottom = 0.0
margin_left = 629.0
margin_top = 83.0
margin_right = 836.0
margin_bottom = 162.0
rect_pivot_offset = Vector2( 0, 0 )
rect_clip_content = false
mouse_filter = 2
mouse_default_cursor_shape = 0
size_flags_horizontal = 6
size_flags_vertical = 4
custom_fonts/font = ExtResource( 3 )
text = "points"
percent_visible = 1.0
lines_skipped = 0
max_lines_visible = -1
_sections_unfolded = [ "custom_fonts" ]

[node name="Middle2" type="VBoxContainer" parent="Rows" index="2"]

anchor_left = 0.0
anchor_top = 0.0
anchor_right = 0.0
anchor_bottom = 0.0
margin_top = 563.0
margin_right = 1465.0
margin_bottom = 875.0
rect_pivot_offset = Vector2( 0, 0 )
rect_clip_content = false
mouse_filter = 1
mouse_default_cursor_shape = 0
size_flags_horizontal = 1
size_flags_vertical = 1
alignment = 0
_sections_unfolded = [ "custom_constants" ]

[node name="TextureButton" type="TextureButton" parent="Rows/Middle2" index="0"]

anchor_left = 0.0
anchor_top = 0.0
anchor_right = 0.0
anchor_bottom = 0.0
margin_left = 386.0
margin_right = 1079.0
margin_bottom = 154.0
rect_pivot_offset = Vector2( 354, 77 )
rect_clip_content = false
focus_mode = 2
mouse_filter = 0
mouse_default_cursor_shape = 0
size_flags_horizontal = 4
size_flags_vertical = 1
toggle_mode = false
enabled_focus_mode = 2
shortcut = null
group = null
texture_normal = ExtResource( 4 )
texture_hover = ExtResource( 5 )
_sections_unfolded = [ "Rect", "Size Flags", "Textures" ]

[node name="AnimationPlayer" type="AnimationPlayer" parent="Rows/Middle2/TextureButton" index="0"]

root_node = NodePath("..")
autoplay = ""
playback_process_mode = 1
playback_default_blend_time = 0.0
playback_speed = 3.0
anims/button_clicked = ExtResource( 6 )
blend_times = [  ]
_sections_unfolded = [ "Playback Options" ]

[node name="TextureButton2" type="TextureButton" parent="Rows/Middle2" index="1"]

anchor_left = 0.0
anchor_top = 0.0
anchor_right = 0.0
anchor_bottom = 0.0
margin_left = 386.0
margin_top = 158.0
margin_right = 1079.0
margin_bottom = 312.0
rect_pivot_offset = Vector2( 354, 77 )
rect_clip_content = false
focus_mode = 2
mouse_filter = 0
mouse_default_cursor_shape = 0
size_flags_horizontal = 4
size_flags_vertical = 1
toggle_mode = false
enabled_focus_mode = 2
shortcut = null
group = null
texture_normal = ExtResource( 7 )
texture_hover = ExtResource( 8 )
_sections_unfolded = [ "Rect", "Size Flags", "Textures" ]

[node name="AnimationPlayer2" type="AnimationPlayer" parent="Rows/Middle2/TextureButton2" index="0"]

root_node = NodePath("..")
autoplay = ""
playback_process_mode = 1
playback_default_blend_time = 0.0
playback_speed = 3.0
anims/button_clicked = SubResource( 2 )
blend_times = [  ]
_sections_unfolded = [ "Playback Options" ]

[connection signal="pressed" from="Rows/Middle2/TextureButton" to="." method="_on_TextureButton_pressed"]

[connection signal="animation_finished" from="Rows/Middle2/TextureButton/AnimationPlayer" to="." method="_on_AnimationPlayer_animation_finished"]

[connection signal="pressed" from="Rows/Middle2/TextureButton2" to="." method="_on_TextureButton2_pressed"]

[connection signal="animation_finished" from="Rows/Middle2/TextureButton2/AnimationPlayer2" to="." method="_on_AnimationPlayer2_animation_finished"]


